<?xml version="1.0" encoding="UTF-8"?><record xmlns="http://www.loc.gov/MARC21/slim" xmlns:cinclude="http://apache.org/cocoon/include/1.0" xmlns:zs="http://www.loc.gov/zing/srw/">
  <leader>00399nz  a2200133n  4500</leader>
  <controlfield tag="001">no2002103677</controlfield>
  <controlfield tag="003">DLC</controlfield>
  <controlfield tag="005">20021114053646.0</controlfield>
  <controlfield tag="008">021113n| acannaabn          |n aaa     c</controlfield>
  <datafield tag="010" ind1=" " ind2=" ">
    <subfield code="a">no2002103677</subfield>
  </datafield>
  <datafield tag="035" ind1=" " ind2=" ">
    <subfield code="a">(OCoLC)oca05910529</subfield>
  </datafield>
  <datafield tag="040" ind1=" " ind2=" ">
    <subfield code="a">InU</subfield>
    <subfield code="b">eng</subfield>
    <subfield code="c">InU</subfield>
  </datafield>
  <datafield tag="100" ind1="1" ind2="0">
    <subfield code="a">Krno, Svetozár</subfield>
  </datafield>
  <datafield tag="670" ind1=" " ind2=" ">
    <subfield code="a">Dvetisíc kilometrov od Železných vrát po Devín, 2001:</subfield>
    <subfield code="b">t.p. (Svetozár Krno) p. 2 (PhDr., CSc.)</subfield>
  </datafield>
</record>